<?xml version="1.0" encoding="UTF-8"?>
<record xmlns="http://www.loc.gov/MARC21/slim">
  <leader>03422ntm a22004217a 4500</leader>
  <controlfield tag="001">3698275</controlfield>
  <controlfield tag="005">20110630223800.0</controlfield>
  <controlfield tag="008">090115s1846    xx            000 i eng d</controlfield>
  <datafield tag="033" ind1="0" ind2="0">
    <subfield code="a">18460910</subfield>
  </datafield>
  <datafield tag="035" ind1=" " ind2=" ">
    <subfield code="a">3698275</subfield>
  </datafield>
  <datafield tag="040" ind1=" " ind2=" ">
    <subfield code="a">BRL</subfield>
  </datafield>
  <datafield tag="099" ind1=" " ind2=" ">
    <subfield code="a">Ms.A.1.1 v.4, p.32</subfield>
  </datafield>
  <datafield tag="100" ind1="1" ind2=" ">
    <subfield code="a">Garrison, William Lloyd,</subfield>
    <subfield code="d">1805-1879.</subfield>
  </datafield>
  <datafield tag="245" ind1="1" ind2="0">
    <subfield code="a">[Letter to] My Dear Helen</subfield>
    <subfield code="h">[manuscript].</subfield>
  </datafield>
  <datafield tag="260" ind1=" " ind2=" ">
    <subfield code="a">Leavy Greave, Sheffield, [England],</subfield>
    <subfield code="c">Sept. 10, 1846.</subfield>
  </datafield>
  <datafield tag="300" ind1=" " ind2=" ">
    <subfield code="a">1 leaf (12 p.) ;</subfield>
    <subfield code="c">7 7/8 x 4 7/8 in.</subfield>
  </datafield>
  <datafield tag="500" ind1=" " ind2=" ">
    <subfield code="a">Holograph, signed.</subfield>
  </datafield>
  <datafield tag="500" ind1=" " ind2=" ">
    <subfield code="a">William Lloyd Garrison is at the house of a Quaker friend Mary Brady and her sister. The celebrated poet James Montgomery has promised to attend Garrison&apos;s public meeting tonight. (On pages 10-11 of this manuscript, Garrison has transcribed the letter by James Montgomery to Miss Brady in which Montgomery says that he will attend Garrison&apos;s lecture.) Garrison says about his lecture: &quot;We are to have the Friends&apos; meeting-house---the first one that has yet been offered to us in this country, and I presume will be the last; for the opposition to us, in this country, runs almost exclusively in the channels of Quakerism, in consequence of the poisonous influence exerted by the Broad-street Committee in London, of which Joseph Sturge is a member.&quot; George Thompson, Frederick Douglass, and Garrison had a large public meeting in Birmingham. They had breakfast with Joseph Sturge, where Garrison had a &quot;very plain and faithful conversation with him, in regard to his treatment of me personally as an abolitionist, and to the unfair and dishonorable course of the London Committee toward the American Anti-Slavery Society.&quot; Garrison will leave for Scotland after the the great London meeting. Friends in various quarters are working to send over a larger quantity of useful and valuable items for the Faneuil Hall bazaar. Garrison would like Mrs. Maria Weston Chapman to thank Mr. John Bishop Estlin and his daughter for their help. Garrison saw Joseph Barker, a remarkable man who &quot;sprung up from a beggar boy to the position of a great, active and glorious-minded reformer&quot; and Unitarian. Unitarianism is odious in England. But the Unitarians have been the most zealous supporters of Garrison&apos;s mission. Elizabeth Pease (Nichol) is slowly recovering from an illness and is being watched by relatives who strongly dislike Henry C. Wright and William L. Garrison.</subfield>
  </datafield>
  <datafield tag="510" ind1="4" ind2=" ">
    <subfield code="a">Merrill, Walter M. Letters of William Lloyd Garrison,</subfield>
    <subfield code="c">v.3, no.165.</subfield>
  </datafield>
  <datafield tag="600" ind1="1" ind2="0">
    <subfield code="a">Garrison, William Lloyd,</subfield>
    <subfield code="d">1805-1879</subfield>
    <subfield code="v">Correspondence.</subfield>
  </datafield>
  <datafield tag="600" ind1="1" ind2="0">
    <subfield code="a">Garrison, Helen Eliza,</subfield>
    <subfield code="d">1811-1876</subfield>
    <subfield code="v">Correspondence.</subfield>
  </datafield>
  <datafield tag="600" ind1="1" ind2="0">
    <subfield code="a">Barker, Joseph,</subfield>
    <subfield code="d">1806-1875.</subfield>
  </datafield>
  <datafield tag="600" ind1="1" ind2="0">
    <subfield code="a">Brady, Mary.</subfield>
  </datafield>
  <datafield tag="600" ind1="1" ind2="0">
    <subfield code="a">Chapman, Maria Weston,</subfield>
    <subfield code="d">1806-1885.</subfield>
  </datafield>
  <datafield tag="600" ind1="1" ind2="0">
    <subfield code="a">Estlin, J. B.</subfield>
    <subfield code="q">(John Bishop),</subfield>
    <subfield code="d">1785-1855.</subfield>
  </datafield>
  <datafield tag="600" ind1="1" ind2="0">
    <subfield code="a">Montgomery, James,</subfield>
    <subfield code="d">1771-1854.</subfield>
  </datafield>
  <datafield tag="600" ind1="1" ind2="0">
    <subfield code="a">Nichol, Elizabeth Pease,</subfield>
    <subfield code="d">1807-1897.</subfield>
  </datafield>
  <datafield tag="600" ind1="1" ind2="0">
    <subfield code="a">Sturge, Joseph,</subfield>
    <subfield code="d">1793-1859.</subfield>
  </datafield>
  <datafield tag="600" ind1="1" ind2="0">
    <subfield code="a">Wright, Henry Clarke,</subfield>
    <subfield code="d">1797-1870.</subfield>
  </datafield>
  <datafield tag="610" ind1="2" ind2="0">
    <subfield code="a">Unitarian Church in Great Britain.</subfield>
  </datafield>
  <datafield tag="650" ind1="2" ind2="0">
    <subfield code="a">Society of Friends.</subfield>
  </datafield>
  <datafield tag="650" ind1=" " ind2="0">
    <subfield code="a">Antislavery movements</subfield>
    <subfield code="z">United States</subfield>
    <subfield code="x">History</subfield>
    <subfield code="y">19th century.</subfield>
  </datafield>
  <datafield tag="650" ind1=" " ind2="0">
    <subfield code="a">Abolitionists</subfield>
    <subfield code="z">United States</subfield>
    <subfield code="y">19th century</subfield>
    <subfield code="v">Correspondence.</subfield>
  </datafield>
  <datafield tag="655" ind1=" " ind2="0">
    <subfield code="a">Letters.</subfield>
  </datafield>
  <datafield tag="655" ind1=" " ind2="0">
    <subfield code="a">Manuscripts.</subfield>
  </datafield>
  <datafield tag="700" ind1="1" ind2=" ">
    <subfield code="a">Garrison, Helen Eliza,</subfield>
    <subfield code="d">1811-1876,</subfield>
    <subfield code="e">recipient.</subfield>
  </datafield>
  <datafield tag="830" ind1=" " ind2="0">
    <subfield code="a">William Lloyd Garrison Correspondence (1823-1879)</subfield>
  </datafield>
  <datafield tag="999" ind1=" " ind2=" ">
    <subfield code="a">shots: 12</subfield>
  </datafield>
</record>
